@article{main_tutorial,
  title={Estimating psychological networks and their accuracy: A tutorial paper},
  author={Epskamp, Sacha and Borsboom, Denny and Fried, Eiko I},
  journal={Behavior Research Methods},
  volume={50},
  number={1},
  pages={195--212},
  year={2018},
  publisher={Springer}
}
